@misc{2110.06169,
Author = {Ilya Kostrikov and Ashvin Nair and Sergey Levine},
Title = {Offline Reinforcement Learning with Implicit Q-Learning},
Year = {2021},
Eprint = {arXiv:2110.06169},
}
@BOOK{Sutton2018-hp,
  title     = "Reinforcement Learning",
  author    = "Sutton, Richard S and Barto, Andrew G",
  publisher = "Bradford Books",
  series    = "Adaptive Computation and Machine Learning series",
  edition   =  2,
  month     =  nov,
  year      =  2018,
  address   = "Cambridge, MA"
}